@article{Toomre2009,
title = {Turbulence, Magnetism, and Shear in Stellar Interiors},
author = {Mark S. Miesch and Juri Toomre},
journal = {Annu. Rev. Fluid Mech.},
volume = {41},
pages = {317-345},
year={2009}
}

@article{Charbonneau2014,
title = {Solar Dynamo Theory},
author = {Paul Charbonneau},
journal = {Annu. Rev. Fluid Mech.},
volume = {52},
pages ={251-290},
year= {2014}
}

@article{Charbonneau2013,
title = {Where is the solar dynamo?},
author = {Paul Charbonneau},
journal = {JPCS},
volume = {440},
year = {2013}
}

@article{Clune1999,
title = {Computational Aspects of a Code to study rotating turbulent convection in spherical shells},
author={T.C. Clune and others},
journal = {Parallel Comput.},
volume = {25},
pages = {361-380},
year = {1999}
}

%author = {T.C. Clune and  J.R. Elliott and M.S. Miesch and J. Toomre and G.A. Glatzmaier},
@article{Prusa2008,
title = {EULAG, a computational model for multiscale flows.},
author = {J.M. Prusa and P. Smolarkiewicz and A. Wyszogrodzki},
year = {2008},
journal = {Comput. Fluids},
volume = {37},
pages = {1193-1207}
}

@article{Brown2011,
title = {Magnetic cycles in a convective dynamo simulation of a young solar-type star},
author = {Benjamin P Brown and others},
year = {2011},
journal = {Astrophys. J.},
volume = {731}
}
%author = {Benjamin P Brown and Mark S Miesch and Matthew K Browning and Allan Sacha Brun and Juri Toomre},
@article{Ghizaru2010,
title = {Magnetic cycles in global large-eddy simulations of solar convection},
author = {M. Ghizaru and P. Charbonneau and P.K. Smolarkiewicz},
year = {2010},
journal = {Astrophys. J. Lett.},
volume = {715}
}

%author={Etienne Racine and Paul Charbonneau and Mihai Ghizaru and Am√©lie Bouchat and Piotr K. Smolarkiewicz},

@article{Racine2011,
author={Etienne Racine and others},
title={On the Mode of Dynamo Action in a Global Large-eddy Simulation of Solar Convection},
  journal={Astrophys. J.},
  volume={735},
  number={1},
  pages={46},
  url={http://stacks.iop.org/0004-637X/735/i=1/a=46},
  year={2011}
}
%author = {Nicholas J. Nelson and Benjamin P. Brown and Allan Sacha Brun and Mark S. Miesch and Juri Toomre},
@article{nelson2013,
author = {Nicholas J. Nelson and others},
title = {Magnetic Wreaths and Cycles in Convective Dynamos},
journal = {Astrophys. J.},
volume = {762},
year = {2013}
}


@article{lord2014,
author = {J. W. Lord and others},
title = {The Role of subsurface flows in solar surface convection: modeling the
	spectrum of supergranular and larger scale flows},
journal = {Astrophys. J.},
volume = {793},
year = {2014}
}

@article{howe2009,
author = {Rachel Howe},
title = {Solar Interior and its Variation"},
journal = {Living Rev. Solar Phys.},
volume = {6},
year = {2009}
}

@article{Pizzolato2003,
author = {N. Pizzolato and others},
title = {The stellar activity-rotation relationship revisited: dependence of saturated
	and non-saturated X-ray emission regimes on stellar mass for late-type
	dwarfs},
journal = {A\&A},
volume = {397},
year = {2003}
}


@article{Brun2011,
author = {Allan Sacha Brun and Mark S. Miesch and Juri Toomre},
title = {Modeling the dynamic coupling of solar convection with radiative interior},
journal = {Astrophys. J.},
volume = {742},
year = {2011}
}

@article{Alvan2014,
author = {Lucie Alvan and Allan Sacha Brun and Stephane Mathis},
title = {Theoretical seismology in 3D: nonlinear simulations of internal gravity waves in solar-like stars},
journal = {A\&A},
volume = {565},
year = {2014}
}
