% Heat transport paper
@ARTICLE{anders&brown2017,
   author = {{Anders}, E.~H. and {Brown}, B.~P.},
    title = "{Convective heat transport in stratified atmospheres at low and high Mach number}",
  journal = {Physical Review Fluids},
archivePrefix = "arXiv",
   eprint = {1611.06580},
 primaryClass = "physics.flu-dyn",
     year = 2017,
    month = aug,
   volume = 2,
   number = 8,
      eid = {083501},
    pages = {083501},
      doi = {10.1103/PhysRevFluids.2.083501},
   adsurl = {http://adsabs.harvard.edu/abs/2017PhRvF...2h3501A},
  adsnote = {Provided by the SAO/NASA Astrophysics Data System}
}

@ARTICLE{anders&all2018,
       author = {{Anders}, Evan H. and {Brown}, Benjamin P. and {Oishi}, Jeffrey S.},
        title = "{Accelerated evolution of convective simulations}",
      journal = {Physical Review Fluids},
     keywords = {Physics - Fluid Dynamics, Astrophysics - Solar and Stellar Astrophysics},
         year = "2018",
        month = "Aug",
       volume = {3},
          eid = {083502},
        pages = {083502},
          doi = {10.1103/PhysRevFluids.3.083502},
archivePrefix = {arXiv},
       eprint = {1807.06687},
 primaryClass = {physics.flu-dyn},
       adsurl = {https://ui.adsabs.harvard.edu/\#abs/2018PhRvF...3h3502A},
      adsnote = {Provided by the SAO/NASA Astrophysics Data System}
}

@ARTICLE{anders&all2019,
       author = {{Anders}, Evan H. and {Manduca}, Cathryn M. and {Brown}, Benjamin P. and
         {Oishi}, Jeffrey S. and {Vasil}, Geoffrey M.},
        title = "{Predicting the Rossby Number in Convective Experiments}",
      journal = {The Astrophysical Journal},
     keywords = {convection, dynamo, hydrodynamics, Sun: rotation, turbulence, Astrophysics - Solar and Stellar Astrophysics, Astrophysics - Earth and Planetary Astrophysics, Physics - Fluid Dynamics},
         year = "2019",
        month = "Feb",
       volume = {872},
          eid = {138},
        pages = {138},
          doi = {10.3847/1538-4357/aaff61},
archivePrefix = {arXiv},
       eprint = {1812.04518},
 primaryClass = {astro-ph.SR},
       adsurl = {https://ui.adsabs.harvard.edu/\#abs/2019ApJ...872..138A},
      adsnote = {Provided by the SAO/NASA Astrophysics Data System}
}

@ARTICLE{lecoanet&jeevanjee2018,
       author = {{Lecoanet}, Daniel and {Jeevanjee}, Nadir},
        title = "{Entrainment in Resolved, Turbulent Dry Thermals}",
      journal = {arXiv e-prints},
     keywords = {Physics - Fluid Dynamics, Physics - Atmospheric and Oceanic Physics},
         year = "2018",
        month = "Apr",
          eid = {arXiv:1804.09326},
        pages = {arXiv:1804.09326},
archivePrefix = {arXiv},
       eprint = {1804.09326},
 primaryClass = {physics.flu-dyn},
       adsurl = {https://ui.adsabs.harvard.edu/\#abs/2018arXiv180409326L},
      adsnote = {Provided by the SAO/NASA Astrophysics Data System}
}

%kramers' opacity
@ARTICLE{barekat&brandenburg2014,
   author = {{Barekat}, A. and {Brandenburg}, A.},
    title = "{Near-polytropic stellar simulations with a radiative surface}",
  journal = {Astronomy \& Astrophysics},
archivePrefix = "arXiv",
   eprint = {1308.1660},
 primaryClass = "astro-ph.SR",
 keywords = {radiative transfer, hydrodynamics, Sun: atmosphere},
     year = 2014,
    month = nov,
   volume = 571,
      eid = {A68},
    pages = {A68},
      doi = {10.1051/0004-6361/201322461},
   adsurl = {http://adsabs.harvard.edu/abs/2014A%26A...571A..68B},
  adsnote = {Provided by the SAO/NASA Astrophysics Data System}
}

% deardorff zones
@ARTICLE{kapyla&all2017,
   author = {{K{\"a}pyl{\"a}}, P.~J. and {Rheinhardt}, M. and {Brandenburg}, A. and 
	{Arlt}, R. and {K{\"a}pyl{\"a}}, M.~J. and {Lagg}, A. and {Olspert}, N. and 
	{Warnecke}, J.},
    title = "{Extended Subadiabatic Layer in Simulations of Overshooting Convection}",
  journal = {Astrophys J. Lett.},
archivePrefix = "arXiv",
   eprint = {1703.06845},
 primaryClass = "astro-ph.SR",
 keywords = {convection, hydrodynamics, turbulence},
     year = 2017,
    month = aug,
   volume = 845,
      eid = {L23},
    pages = {L23},
      doi = {10.3847/2041-8213/aa83ab},
   adsurl = {http://adsabs.harvard.edu/abs/2017ApJ...845L..23K},
  adsnote = {Provided by the SAO/NASA Astrophysics Data System}
}

@ARTICLE{brandenburg2016,
   author = {{Brandenburg}, A.},
    title = "{Stellar Mixing Length Theory with Entropy Rain}",
  journal = {The Astrophysical Journal},
archivePrefix = "arXiv",
   eprint = {1504.03189},
 primaryClass = "astro-ph.SR",
 keywords = {convection, Sun: granulation, turbulence },
     year = 2016,
    month = nov,
   volume = 832,
      eid = {6},
    pages = {6},
      doi = {10.3847/0004-637X/832/1/6},
   adsurl = {http://adsabs.harvard.edu/abs/2016ApJ...832....6B},
  adsnote = {Provided by the SAO/NASA Astrophysics Data System}
}

% Dedalus ASCL
@MISC{burns&all2016,
   author = {{Burns}, K. and {Vasil}, G. and {Oishi}, J. and {Lecoanet}, D. and 
	{Brown}, B.},
    title = "{Dedalus: Flexible framework for spectrally solving differential equations}",
 keywords = {Software},
howpublished = {Astrophysics Source Code Library},
     year = 2016,
    month = mar,
archivePrefix = "ascl",
   eprint = {1603.015},
   adsurl = {http://adsabs.harvard.edu/abs/2016ascl.soft03015B},
  adsnote = {Provided by the SAO/NASA Astrophysics Data System}
}

%Daniel dedalus convection
@ARTICLE{lecoanet&all2014,
   author = {{Lecoanet}, D. and {Brown}, B.~P. and {Zweibel}, E.~G. and {Burns}, K.~J. and 
	{Oishi}, J.~S. and {Vasil}, G.~M.},
    title = "{Conduction in Low Mach Number Flows. I. Linear and Weakly Nonlinear Regimes}",
  journal = {The Astrophysical Journal},
archivePrefix = "arXiv",
   eprint = {1410.5424},
 primaryClass = "astro-ph.SR",
 keywords = {conduction, convection, stars: interiors, waves},
     year = 2014,
    month = dec,
   volume = 797,
      eid = {94},
    pages = {94},
      doi = {10.1088/0004-637X/797/2/94},
   adsurl = {http://adsabs.harvard.edu/abs/2014ApJ...797...94L},
  adsnote = {Provided by the SAO/NASA Astrophysics Data System}
}

@ARTICLE{featherstone&hindman2016,
       author = {{Featherstone}, Nicholas A. and {Hindman}, Bradley W.},
        title = "{The Emergence of Solar Supergranulation as a Natural Consequence of
        Rotationally Constrained Interior Convection}",
      journal = {The Astrophysical Journal},
     keywords = {stars: fundamental parameters, stars: interiors, stars: kinematics and
        dynamics, Sun: helioseismology, Sun: interior, Sun: magnetic
        fields, Astrophysics - Solar and Stellar Astrophysics},
         year = 2016,
        month = Oct,
       volume = {830},
          eid = {L15},
        pages = {L15},
          doi = {10.3847/2041-8205/830/1/L15},
 primaryClass = {astro-ph.SR},
       adsurl = {https://ui.adsabs.harvard.edu/#abs/2016ApJ...830L..15F},
      adsnote = {Provided by the SAO/NASA Astrophysics Data System}
}



